@ARTICLE{SL2H,
  author = {L{\"o}we, Harald},
  title = {Sixteen--dimensional locally compact translation planes admitting
	$\mbox{\uppercase{SL}}_2\mathbb{H}$ as a group of collineations.},
  journal = {Pac.\ J.\ Math. },
  year = {2003},
  volume = {209},
  pages = {325-337},
  number = {2}
}

@BOOK{mummel,
  title = {Die Geschichte der Braunschweiger Uni und andere tolle Dinge},
  publisher = {Verlagshaus Specht},
  year = {2047},
  author = {Mummelhausen, Bernd}
}

@ARTICLE{bilderbuch,
  author = {Smith, John and Mummelhausen, Bernd},
  title = {The {L}atex picture book},
  journal = {Journal for Latex Sciences},
  year = {2013},
  volume = {2},
  pages = {12-16}
}

